

,-------------------.
|     PREAMBLE      |
`-------------------'

@preamble{ "\providecommand{\noopsort}[1]{}"
}

,-------------------.
|  BIBTEX ENTRIES   |
`-------------------'

@book{godel-L,
  author =        {G\"odel, Kurt},
  pages =         {66},
  publisher =     {Princeton University Press, Princeton, N. J.},
  series =        {Annals of Mathematics Studies, no. 3},
  title =         {The {C}onsistency of the {C}ontinuum {H}ypothesis},
  year =          {1940},
}

@article{Cohen-CH-PNAS,
  author =        {Cohen, Paul},
  journal =       {Proc. Nat. Acad. Sci. U.S.A.},
  pages =         {1143--1148},
  title =         {The independence of the continuum hypothesis},
  volume =        {50},
  year =          {1963},
  issn =          {0027-8424},
}

@incollection{Isabelle,
  author =        {Wenzel, Makarius and Paulson, Lawrence C. and
                   Nipkow, Tobias},
  booktitle =     {Theorem proving in higher order logics},
  pages =         {33--38},
  publisher =     {Springer, Berlin},
  series =        {Lecture Notes in Comput. Sci.},
  title =         {The {I}sabelle framework},
  volume =        {5170},
  year =          {2008},
  doi =           {10.1007/978-3-540-71067-7_7},
  url =           {http://dx.doi.org/10.1007/978-3-540-71067-7_7},
}

@article{paulson_2003,
  author =        {Paulson, Lawrence C.},
  journal =       {LMS Journal of Computation and Mathematics},
  pages =         {198--248},
  publisher =     {Cambridge University Press},
  title =         {The Relative Consistency of the Axiom of Choice
                   Mechanized Using {Isabelle/ZF}},
  volume =        {6},
  year =          {2003},
  doi =           {10.1112/S1461157000000449},
}

@book{kunen2011set,
  author =        {Kunen, K.},
  edition =       {Second},
  note =          {Revised edition, 2013},
  publisher =     {College Publications},
  series =        {Studies in Logic},
  title =         {Set Theory},
  year =          {2011},
  isbn =          {9781848900509},
}

@techreport{paulson2017isabelle,
  author =        {Paulson, Lawrence C},
  institution =   {Computer Laboratory, University of Cambridge},
  title =         {Isabelleâ€™s Logics: {FOL} and {ZF}},
  year =          {2017},
}

@inproceedings{ballarin2010tutorial,
  author =        {Ballarin, Clemens},
  booktitle =     {Contribuciones cient{\'\i}ficas en honor de Mirian
                   Andr{\'e}s G{\'o}mez},
  organization =  {Universidad de La Rioja},
  pages =         {123--140},
  title =         {Tutorial to locales and locale interpretation},
  year =          {2010},
}

@article{DBLP:journals/jar/PaulsonG96,
  author =        {Lawrence C. Paulson and Krzysztof Grabczewski},
  journal =       {J. Autom. Reasoning},
  number =        {3},
  pages =         {291--323},
  title =         {Mechanizing Set Theory},
  volume =        {17},
  year =          {1996},
  doi =           {10.1007/BF00283132},
  url =           {https://doi.org/10.1007/BF00283132},
}

@book{moschovakis1994notes,
  author =        {Moschovakis, Y.N.},
  publisher =     {Springer-Verlag},
  series =        {Springer Texts in Electrical Engineering},
  title =         {Notes on Set Theory},
  year =          {1994},
  isbn =          {9783540941804},
}

@article{paulson1995set,
  author =        {Paulson, Lawrence C},
  journal =       {Journal of Automated Reasoning},
  number =        {2},
  pages =         {167--215},
  publisher =     {Springer},
  title =         {Set {T}heory for {V}erification. {II}: {I}nduction
                   and {R}ecursion},
  volume =        {15},
  year =          {1995},
}

@inproceedings{paulson2000fixedpoint,
  author =        {Paulson, Lawrence C},
  booktitle =     {Proof, Language, and Interaction},
  pages =         {187--212},
  title =         {A fixedpoint approach to (co) inductive and (co)
                   datatype definitions.},
  year =          {2000},
}

@inproceedings{DBLP:conf/tphol/Wenzel99,
  author =        {Markus Wenzel},
  booktitle =     {Theorem Proving in Higher Order Logics, 12th
                   International Conference, TPHOLs'99, Nice, France,
                   September, 1999, Proceedings},
  editor =        {Yves Bertot and Gilles Dowek and
                   Andr{\'{e}} Hirschowitz and
                   Christine Paulin{-}Mohring and Laurent Th{\'{e}}ry},
  pages =         {167--184},
  publisher =     {Springer},
  series =        {Lecture Notes in Computer Science},
  title =         {Isar - {A} Generic Interpretative Approach to
                   Readable Formal Proof Documents},
  volume =        {1690},
  year =          {1999},
  doi =           {10.1007/3-540-48256-3_12},
  url =           {https://doi.org/10.1007/3-540-48256-3_12},
}

