@article{DBLP:journals/jar/PaulsonG96,
  author    = {Lawrence C. Paulson and
               Krzysztof Grabczewski},
  title     = {Mechanizing Set Theory},
  journal   = {J. Autom. Reasoning},
  volume    = {17},
  number    = {3},
  pages     = {291--323},
  year      = {1996},
  xurl       = {https://doi.org/10.1007/BF00283132},
  doi       = {10.1007/BF00283132},
  timestamp = {Sat, 20 May 2017 00:22:31 +0200},
  biburl    = {https://dblp.org/rec/bib/journals/jar/PaulsonG96},
  bibsource = {dblp computer science bibliography, https://dblp.org}
}

@ARTICLE{2020arXiv200109715G,
       author = {{Gunther}, Emmanuel and {Pagano}, Miguel and {S{\'a}nchez Terraf}, Pedro},
        title = "{Formalization of Forcing in Isabelle/ZF}",
      journal = {arXiv e-prints},
     keywords = {Computer Science - Logic in Computer Science, Mathematics - Logic},
         year = 2020,
        month = jan,
          eid = {arXiv:2001.09715},
       volume = {2001.09715},
archivePrefix = {arXiv},
       eprint = {2001.09715},
 primaryClass = {cs.LO},
       adsurl = {https://ui.adsabs.harvard.edu/abs/2020arXiv200109715G},
      adsnote = {Provided by the SAO/NASA Astrophysics Data System}
}
