
@book{kunen2011set,
  title={Set Theory},
  author={Kunen, K.},
  edition = {Second},
  isbn=9781848900509,
  series={Studies in Logic},
  url={https://books.google.com.ar/books?id=Zn8ppwAACAAJ},
  year=2011,
  publisher={College Publications}
}


@book{moschovakisDesc,
  title={Descriptive Set Theory},
  author={Moschovakis, Yiannis N.},
  isbn={0821848135},
  series={Mathematical Surveys and Monographs},
  year={2009},
  publisher={American Mathematical Society},
  edition={2}
}


@book{books/daglib/0029964,
  added-at = {2012-11-06T00:00:00.000+0100},
  author = {Srivastava, Shashi M.},
  biburl = {http://www.bibsonomy.org/bibtex/29dab0748809e713b45a442ef4be96411/dblp},
  ee = {http://dx.doi.org/10.1007/b98956},
  interhash = {6b18172c19d78afbd3a295c85a9cd858},
  intrahash = {9dab0748809e713b45a442ef4be96411},
  isbn = {978-0-387-98412-4},
  keywords = {dblp},
  publisher = {Springer},
  series = {Graduate texts in mathematics},
  timestamp = {2012-11-06T00:00:00.000+0100},
  title = {A Course on {B}orel Sets},
  volume = 180,
  year = 2008
}


@book{kanamori2008higher,
  title={The Higher Infinite: Large Cardinals in Set Theory from Their Beginnings},
  author={Kanamori, A.},
  isbn={9783540888666},
  lccn={2008940025},
  series={Springer Monographs in Mathematics},
  url={https://books.google.com.ar/books?id=FH\_n84ocuSMC},
  year={2008},
  publisher={Springer Berlin Heidelberg}
}


@Book{Jech_Millennium,
    author =	"Thomas Jech",
    title =	"Set Theory",
    series =	"Springer Monographs in Mathematics",
    publisher = "Springer-Verlag",
    edition = "Third Millennium Edition",
    year =	"2006"
}


@misc{Marker,
  author = {David Marker},
  title = {Descriptive Set Theory},
 location = {University of Illinois at Chicago},
  year = {2002},
 howpublished = {Webpage},
  note = {{\newline\texttt{http://www.math.uic.edu/\~{}marker/math512/dst.pdf}}}
}


@Book{JW,
    author =	"Winfried Just and Martin Weese",
    title =	"Discovering Modern Set Theory. II",
    series =	"Grad. Studies in Mathematics",
    volume =	"18",
    publisher = "American Mathematical Society", 
    year =	"1997"
}


@Book{JW-I,
    author =	"Winfried Just and Martin Weese",
    title =	"Discovering Modern Set Theory. I",
    series =	"Grad. Studies in Mathematics",
    volume =	"8",
    publisher = "American Mathematical Society", 
    year =	"1996"
}


@Book{Kechris,
    author =	"Alexander S. Kechris",
    title =	"Classical Descriptive Set Theory",
    series =	"Graduate Texts in Mathematics",
    volume =	"156", 
    publisher = "Springer-Verlag",
    year =	"1994"
}


@book{moschovakis1994notes,
  title={Notes on Set Theory},
  author={Moschovakis, Y.N.},
  isbn={9783540941804},
  lccn={93035825},
  series={Springer Texts in Electrical Engineering},
  url={https://books.google.com.ar/books?id=ndx0\_6VCypcC},
  year={1994},
  publisher={Springer-Verlag}
}


@book{kunen1980,
   title = "Set theory: An Introduction to Independence Proofs",
   author = "Kunen, Kenneth",
   series = "Studies in logic and the foundations of mathematics",
   publisher = "Elsevier Science",
   address = "Amsterdam, Lausanne, New York",
   url = "http://opac.inria.fr/record=b1117475",
   isbn = "0-444-86839-9",
   year = 1980
}


@book{drake1974set,
  title={Set Theory: An Introduction to Large Cardinals},
  author={Drake, F.R.},
  isbn={9780444105356},
  lccn={lc75305311},
  series={Studies in logic and the foundations of mathematics},
  url={https://books.google.com.ar/books?id=Sz6NlAEACAAJ},
  year={1974},
  publisher={North-Holland Publishing Company}
}


@book{Fraenkel:book,
  author    = {Fraenkel, Abraham A.},
  title     = {Abstract Set Theory},
  publisher = {North-Holland},
  series    = {Studies in Logic and Foundations of Mathematics},
  edition   = {Second},
  address   = {{A}msterdam},
  year      = {1961},
}

@article {MR0190003,
    AUTHOR = {Milner, E. C. and Rado, R.},
     TITLE = {The pigeon-hole principle for ordinal numbers},
   JOURNAL = {Proc. London Math. Soc. (3)},
  FJOURNAL = {Proceedings of the London Mathematical Society. Third Series},
    VOLUME = {15},
      YEAR = {1965},
     PAGES = {750--768},
      ISSN = {0024-6115},
   MRCLASS = {04.60},
  MRNUMBER = {0190003},
MRREVIEWER = {G. Fodor},
       URL = {https://doi.org/10.1112/plms/s3-15.1.750},
}
